@article{hadamard1902problemes,
  title={Sur les probl{\`e}mes aux d{\'e}riv{\'e}es partielles et leur signification physique},
  author={Hadamard, Jacques},
  journal={Princeton university bulletin},
  pages={49--52},
  year={1902},
  publisher={Princeton University}
}


@book{hansen1998rank,
  title={Rank-deficient and discrete ill-posed problems: numerical aspects of linear inversion},
  author={Hansen, Per Christian},
  year={1998},
  publisher={SIAM}
}

@book{foucart2013invitation,
  title={An invitation to compressive sensing},
  author={Foucart, Simon and Rauhut, Holger and Foucart, Simon and Rauhut, Holger},
  year={2013},
  publisher={Springer}
}